<?xml version="1.0" encoding="UTF-8"?><collection xmlns="http://www.loc.gov/MARC21/slim"><record><leader>00515nam--2200181-i-4500</leader><controlfield tag="001">000020889</controlfield><controlfield tag="002">20161230</controlfield><controlfield tag="005">20161230201033</controlfield><controlfield tag="008">060222s1000------------r-----000-0-eng-d</controlfield><datafield ind1=" " ind2=" " tag="040"><subfield code="a">IFIN-HH</subfield></datafield><datafield ind1=" " ind2=" " tag="080"><subfield code="a">539.12.01:512.64</subfield></datafield><datafield ind1="1" ind2=" " tag="100"><subfield code="a">Eden, R.J./S.A.</subfield></datafield><datafield ind1="1" ind2="0" tag="245"><subfield code="a">The analytic s-matrix</subfield><subfield code="c">R.j. eden, p.v. landshoff, d.i. olive, j.c. polkinghorne</subfield></datafield><datafield ind1=" " ind2=" " tag="260"><subfield code="a">Cambridge</subfield><subfield code="b">University Press</subfield><subfield code="c">1966</subfield></datafield><datafield ind1=" " ind2=" " tag="300"><subfield code="a">VIII + 287 P</subfield></datafield><datafield ind1="1" ind2=" " tag="700"><subfield code="a">Polkinghorne, J.C</subfield></datafield><datafield ind1=" " ind2=" " tag="852"><subfield code="a">24694</subfield><subfield code="c">539.12</subfield></datafield><datafield ind1=" " ind2=" " tag="CAT"><subfield code="a">Sys</subfield><subfield code="c">20111108</subfield><subfield code="h">153628</subfield></datafield></record></collection>